@article{Campagna01042009,
author = {Campagna, Davide and Albiero, Alessandro and Bilardi, Alessandra and Caniato, Elisa and Forcato, Claudio and Manavski, Svetlin and Vitulo, Nicola and Valle, Giorgio}, 
title = {PASS: a program to align short sequences},
volume = {25}, 
number = {7}, 
pages = {967-968}, 
year = {2009}, 
doi = {10.1093/bioinformatics/btp087}, 
URL = {http://bioinformatics.oxfordjournals.org/content/25/7/967.abstract}, 
eprint = {http://bioinformatics.oxfordjournals.org/content/25/7/967.full.pdf+html}, 
journal = {Bioinformatics} 
}

@misc{website:igv_wig,
title = "IGV WIG",
year = "2013",
url = "http://www.broadinstitute.org/igv/WIG"
}

@misc{website:pysam_api_doc,
title = "pysam API Documentation",
month = "November",
year = "2014",
url = "http://pysam.readthedocs.org"
}

@misc{website:samtools_manual,
title = "Samtools Manual",
month = "July",
year = "2011",
url = "http://samtools.sourceforge.net/samtools.shtml"
}

@misc{website:wig_track_format,
title = "Wiggle Track Format (WIG)",
url = "http://genome.ucsc.edu/goldenpath/help/wiggle.html"
}
